@misc{uic_hw1,
  author = {J\={a}nis Lazovskis},
  title = {\href{http://homepages.math.uic.edu/~jlv/teaching/mcs401/mcs401-s1.pdf}{University of Illinois at Chicago -- MCS 401 Homework 1 grader solutions}}
}

@misc{wiki:conv_hull,
   author = "Wikipedia",
   title = "\href{https://en.wikipedia.org/w/index.php?title=Convex_hull&oldid=787205190}{Convex hull --- Wikipedia{,} The Free Encyclopedia}",
   year = "2017",
}
